@misc{dosovitskiy2017carlaopenurbandriving,
      title={CARLA: An Open Urban Driving Simulator}, 
      author={Alexey Dosovitskiy and German Ros and Felipe Codevilla and Antonio Lopez and Vladlen Koltun},
      year={2017},
      eprint={1711.03938},
      archivePrefix={arXiv},
      primaryClass={cs.LG},
      url={https://arxiv.org/abs/1711.03938}, 
}

@misc{chitta2022transfuserimitationtransformerbasedsensor,
      title={TransFuser: Imitation with Transformer-Based Sensor Fusion for Autonomous Driving}, 
      author={Kashyap Chitta and Aditya Prakash and Bernhard Jaeger and Zehao Yu and Katrin Renz and Andreas Geiger},
      year={2022},
      eprint={2205.15997},
      archivePrefix={arXiv},
      primaryClass={cs.CV},
      url={https://arxiv.org/abs/2205.15997}, 
}

@misc{shao2022safetyenhancedautonomousdrivingusing,
      title={Safety-Enhanced Autonomous Driving Using Interpretable Sensor Fusion Transformer}, 
      author={Hao Shao and Letian Wang and RuoBing Chen and Hongsheng Li and Yu Liu},
      year={2022},
      eprint={2207.14024},
      archivePrefix={arXiv},
      primaryClass={cs.CV},
      url={https://arxiv.org/abs/2207.14024}, 
}